@PREAMBLE{
 "\providecommand{\noopsort}[1]{}" 
 # "\providecommand{\singleletter}[1]{#1}%" 
}

@article{ClustersPaper,
  doi = {10.1007/s10509-019-3640-y},
  url = {https://doi.org/10.1007/s10509-019-3640-y},
  year = {2019},
  month = sep,
  publisher = {Springer Science and Business Media {LLC}},
  volume = {364},
  number = {9},
  author = {T. Yontan and S. Bilir and Z. F. Bostanc{\i} and T. Ak and S. Ak and T. G\"{u}ver and E. Paunzen and H. \"{U}rg\"{u}p and M. {\c{C}}elebi and B. A. Akti and S. G\"{o}kmen},
  title = {{CCD} {UBV} photometric and Gaia astrometric study of eight open clusters{\textemdash}{ASCC} 115,  Collinder 421,  {NGC} 6793,  {NGC} 7031,  {NGC} 7039,  {NGC} 7086,  Roslund 1 and Stock 21},
  journal = {Astrophysics and Space Science}
}

@software{GitHub,
author = {Cano Jones, Alejandro},
month = jun,
title = {\href{https://github.com/Cano-Jones/Photometric-catalog-of-NGC-6793}{GitHub: Photometric catalog of NGC-6793}},
url = {\url{https://github.com/Cano-Jones/Photometric-catalog-of-NGC-6793}},
year = {2023}
}

@ARTICLE{SExtractor,
       author = {{Bertin}, E. and {Arnouts}, S.},
        title = "{SExtractor: Software for source extraction.}",
      journal = {\aaps},
     keywords = {METHODS: DATA ANALYSIS, TECHNIQUES: IMAGE PROCESSING, GALAXIES: PHOTOMETRY},
         year = 1996,
        month = jun,
       volume = {117},
        pages = {393-404},
          doi = {10.1051/aas:1996164},
       adsurl = {https://ui.adsabs.harvard.edu/abs/1996A&AS..117..393B},
      adsnote = {Provided by the SAO/NASA Astrophysics Data System}
}

@ARTICLE{Astrometry,
   author = {{Lang}, D. and {Hogg}, D.~W. and {Mierle}, K. and {Blanton}, M. and {Roweis}, S.},
    title = "{Astrometry.net: Blind astrometric calibration of arbitrary astronomical images}",
  journal = {\AJ},
  year = 2010,
  volume = {137},
  pages = {1782--2800},
   note = {arXiv:0910.2233},
   adsurl = {http://adsabs.harvard.edu/abs/2009arXiv0910.2233L},
}

@misc{CCD_Guide,
    title={\href{http://www.astropy.org/ccd-reduction-and-photometry-guide/v/dev/notebooks/00-00-Preface.html}{CCD Data Reduction Guide}}, 
    url={\href{http://www.astropy.org/ccd-reduction-and-photometry-guide/v/dev/notebooks/00-00-Preface.html}{http://www.astropy.org/ccd-reduction-and-photometry-guide/v/dev/notebooks/00-00-Preface.html}},
    author={Craig, M.},
    year= 2023
}

@INPROCEEDINGS{DS9,
       author = {{Joye}, W.~A. and {Mandel}, E.},
        title = "{New Features of SAOImage DS9}",
    booktitle = {Astronomical Data Analysis Software and Systems XII},
         year = 2003,
       editor = {{Payne}, H.~E. and {Jedrzejewski}, R.~I. and {Hook}, R.~N.},
       series = {Astronomical Society of the Pacific Conference Series},
       volume = {295},
        month = jan,
        pages = {489},
       adsurl = {https://ui.adsabs.harvard.edu/abs/2003ASPC..295..489J},
      adsnote = {Provided by the SAO/NASA Astrophysics Data System}
}

@misc{Clases, 
    place={Zaragoza},
    title={Digital Astronomy \& Others (Observational Astrophysics Lectures on UNIZAR)}, 
    journal={Observational Astrophysics},
    publisher={Universidad de Zaragoza},
    author={Ederoclite, Alessandro}, 
    year={2023}, 
    month={Mar}
    } 

@INPROCEEDINGS{TOPCAT,
       author = {{Taylor}, M.~B.},
        title = "{TOPCAT \& STIL: Starlink Table/VOTable Processing Software}",
    booktitle = {Astronomical Data Analysis Software and Systems XIV},
         year = 2005,
       editor = {{Shopbell}, P. and {Britton}, M. and {Ebert}, R.},
       series = {Astronomical Society of the Pacific Conference Series},
       volume = {347},
        month = dec,
        pages = {29},
       adsurl = {https://ui.adsabs.harvard.edu/abs/2005ASPC..347...29T},
      adsnote = {Provided by the SAO/NASA Astrophysics Data System}
}

@ARTICLE{SIMBAD,
       author = {{Wenger}, M. and {Ochsenbein}, F. and {Egret}, D. and {Dubois}, P. and {Bonnarel}, F. and {Borde}, S. and {Genova}, F. and {Jasniewicz}, G. and {Lalo{\"e}}, S. and {Lesteven}, S. and {Monier}, R.},
        title = "{The SIMBAD astronomical database. The CDS reference database for astronomical objects}",
      journal = {\aaps},
     keywords = {ASTRONOMICAL DATA BASES: MISCELLANEOUS, CATALOGS, Astrophysics},
         year = 2000,
        month = apr,
       volume = {143},
        pages = {9-22},
          doi = {10.1051/aas:2000332},
archivePrefix = {arXiv},
       eprint = {astro-ph/0002110},
 primaryClass = {astro-ph},
       adsurl = {https://ui.adsabs.harvard.edu/abs/2000A&AS..143....9W},
      adsnote = {Provided by the SAO/NASA Astrophysics Data System}
}

@misc{Seligman_2018, 
    title = "{\href{http://cseligman.com/text/atlas/ngc67a.htm#6793}{New General Catalog Objects: NGC 6750 - 6799}}",
    url={http://cseligman.com/text/atlas/ngc67a.htm#6793}, 
    journal={New General Catalog Objects: NGC 6750 - 6799}, 
    author={Seligman, Courtney}, 
    year={2018},
    month={Oct}
} 

@misc{STARALT, 
title={\href{http://catserver.ing.iac.es/staralt/index.php}{Object Visibility – STARALT}}, 
url={http://catserver.ing.iac.es/staralt/index.php}, 
author={Sorensen, Peter and  Azzaro, Marco and Méndez, Javier}, 
year={2002}
} 
@misc{EXP_Calculator, 
title={\href{http://research.iac.es/OOCC/iac-managed-telescopes/iac80/camelot/camelot-snr-calculator/}{Camelot2 Snr Calculator}},
url={http://research.iac.es/OOCC/iac-managed-telescopes/iac80/camelot/camelot-snr-calculator/}, 
author={Instituto de Astrofísica de Canarias, IAC}, 
year={2023}
} 

@misc{Python,
    author       = {Matt Craig and Steve Crawford and Michael Seifert and
                    Thomas Robitaille and Brigitta Sip{\H o}cz and
                    Josh Walawender and Z\`e Vin{\'{\i}}cius and Joe Philip Ninan and Michael Droettboom and Jiyong Youn and
                    Erik Tollerud and Erik Bray and
                    Nathan Walker and VSN Reddy Janga and
                    Connor Stotts and Hans Moritz G{\"u}nther and Evert Rol and
                    Yoonsoo P. Bach and Larry Bradley and Christoph Deil and
                    Adrian Price-Whelan and Kyle Barbary and Anthony Horton and
                    William Schoenell and Nathan Heidt and Forrest Gasdia and
                    Stefan Nelson and Ole Streicher},
    title        = {astropy/ccdproc: v1.3.0.post1},
    month        = dec,
    year         = 2017,
    doi          = {10.5281/zenodo.1069648},
    url          = {https://doi.org/10.5281/zenodo.1069648}
}

@ARTICLE{PhotoCalibrate,
       author = {{Tonry}, J.~L. and {Denneau}, L. and {Flewelling}, H. and {Heinze}, A.~N. and {Onken}, C.~A. and {Smartt}, S.~J. and {Stalder}, B. and {Weiland}, H.~J. and {Wolf}, C.},
        title = "{The ATLAS All-Sky Stellar Reference Catalog}",
      journal = {\apj},
     keywords = {atmospheric effects, instrumentation: photometers, surveys, techniques: photometric, Astrophysics - Instrumentation and Methods for Astrophysics},
         year = 2018,
        month = nov,
       volume = {867},
       number = {2},
          eid = {105},
        pages = {105},
          doi = {10.3847/1538-4357/aae386},
archivePrefix = {arXiv},
       eprint = {1809.09157},
 primaryClass = {astro-ph.IM},
       adsurl = {https://ui.adsabs.harvard.edu/abs/2018ApJ...867..105T},
      adsnote = {Provided by the SAO/NASA Astrophysics Data System}
}
